<?xml version="1.0" encoding="UTF-8"?><collection xmlns="http://www.loc.gov/MARC21/slim"><record><leader>00471nam--2200169-i-4500</leader><controlfield tag="001">000023378</controlfield><controlfield tag="002">20161230</controlfield><controlfield tag="005">20161230201035</controlfield><controlfield tag="008">060222s1000------------r-----000-0-eng-d</controlfield><datafield ind1=" " ind2=" " tag="040"><subfield code="a">IFIN-HH</subfield></datafield><datafield ind1=" " ind2=" " tag="080"><subfield code="a">539.12.162.8(047.1)</subfield></datafield><datafield ind1="1" ind2=" " tag="100"><subfield code="a">Halzen, Francis</subfield></datafield><datafield ind1="1" ind2="0" tag="245"><subfield code="a">Model independent features of diffraction</subfield><subfield code="c">Francis halzen</subfield></datafield><datafield ind1=" " ind2=" " tag="260"><subfield code="a">Madison, Wisconsin</subfield><subfield code="b">University Of Wisconsin</subfield><subfield code="c">1973</subfield></datafield><datafield ind1=" " ind2=" " tag="300"><subfield code="a">63 P</subfield></datafield><datafield ind1=" " ind2=" " tag="852"><subfield code="a">40681</subfield><subfield code="c">539.131</subfield></datafield><datafield ind1=" " ind2=" " tag="CAT"><subfield code="a">Sys</subfield><subfield code="c">20120302</subfield><subfield code="h">134414</subfield></datafield></record></collection>